%%%%%%%%%%%%%%%%%%%%%%%%%%%%

%ArXiv in front of EPrint?

%%%%%%%%%%%%%%%%%%%%%%%%%%%%
%SM and other theory papers
%%%%%%%%%%%%%%%%%%%%%%%%%%%%

@article{Glashow,
      author         = "Glashow, S. L.",
      title          = "{Partial Symmetries of Weak Interactions}",
      journal        = "Nucl. Phys.",
      volume         = "22",
      year           = "1961",
      pages          = "579-588",
      doi            = "10.1016/0029-5582(61)90469-2",
      SLACcitation   = "%%CITATION = NUPHA,22,579;%%"
}

@article{Salam,
      author         = "Salam, A.",
      title          = "{Weak and Electromagnetic Interactions}",
      booktitle      = "{8th Nobel Symposium Lerum, Sweden, May 19-25, 1968}",
      journal        = "Conf. Proc.",
      volume         = "C680519",
      year           = "1968",
      pages          = "367-377",
      SLACcitation   = "%%CITATION = CONFP,C680519,367;%%"
}

@article{Weinberg,
      author         = "Weinberg, S.",
      title          = "{A Model of Leptons}",
      journal        = "Phys. Rev. Lett.",
      volume         = "19",
      year           = "1967",
      pages          = "1264-1266",
      doi            = "10.1103/PhysRevLett.19.1264",
      SLACcitation   = "%%CITATION = PRLTA,19,1264;%%"
}


@article{ParityViolation,
  title = "{Experimental Test of Parity Conservation in Beta Decay}",
  author = {Wu, C. S. and Ambler, E. and Hayward, R. W. and Hoppes, D. D. and Hudson, R. P.},
 %author={Altmannshofer, W. and Brod, J. and Schmaltz, M.},
  journal = "{Phys. Rev.}",
  volume = "{105.4}",
%   issue = {4},
  pages = "{1413--1415}",
  numpages = "{0}",
  year = "{1957}",
%   month = {Feb},
  publisher = "{American Physical Society}",
  doi = "{10.1103/PhysRev.105.1413}"
}


@article{BroutEnglert,
      author         = "Englert, F. and Brout, R.",
      title          = "{Broken Symmetry and the Mass of Gauge Vector Mesons}",
      journal        = "Phys. Rev. Lett.",
      volume         = "13",
      year           = "1964",
      pages          = "321-323",
      doi            = "10.1103/PhysRevLett.13.321",
      SLACcitation   = "%%CITATION = PRLTA,13,321;%%"
}

@article{HiggsBS1,
      author         = "Higgs, P.",
      title          = "{Broken symmetries, massless particles and gauge fields}",
      journal        = "Phys. Lett.",
      volume         = "12",
      year           = "1964",
      pages          = "132-133",
      doi            = "10.1016/0031-9163(64)91136-9",
      SLACcitation   = "%%CITATION = PHLTA,12,132;%%"
}

@article{HiggsBS2,
      author         = "Higgs, P.",
      title          = "{Broken Symmetries and the Masses of Gauge Bosons}",
      journal        = "Phys. Rev. Lett.",
      volume         = "13",
      year           = "1964",
      pages          = "508-509",
      doi            = "10.1103/PhysRevLett.13.508",
      SLACcitation   = "%%CITATION = PRLTA,13,508;%%"
}

@article{HiggsBS3,
      author         = "Higgs, P.",
      title          = "{Spontaneous Symmetry Breakdown without Massless Bosons}",
      journal        = "Phys. Rev.",
      volume         = "145",
      year           = "1966",
      pages          = "1156-1163",
      doi            = "10.1103/PhysRev.145.1156",
      SLACcitation   = "%%CITATION = PHRVA,145,1156;%%"
}

@article{Kibble,
      author         = "Kibble, T. ",
      title          = "{Symmetry breaking in non-Abelian gauge theories}",
      journal        = "Phys. Rev.",
      volume         = "155",
      year           = "1967",
      pages          = "1554-1561",
      doi            = "10.1103/PhysRev.155.1554",
      SLACcitation   = "%%CITATION = PHRVA,155,1554;%%"
}

@article{neutrino_oscillation,
    author = "Fukuda, Y. and others",
    collaboration = "Super-Kamiokande",
    title = "{Evidence for oscillation of atmospheric neutrinos}",
    eprint = "hep-ex/9807003",
    archivePrefix = "arXiv",
    reportNumber = "BU-98-17, ICRR-REPORT-422-98-18, UCI-98-8, KEK-PREPRINT-98-95, LSU-HEPA-5-98, UMD-98-003, SBHEP-98-5, TKU-PAP-98-06, TIT-HPE-98-09",
    doi = "10.1103/PhysRevLett.81.1562",
    journal = "Phys. Rev. Lett.",
    volume = "81",
    pages = "1562--1567",
    year = "1998"
}


@article{Nother,
    author = {Noether, E.},
    title = "{Invariant variation problems}",
    journal = {Transport Theory and Statistical Physics},
    volume = {1},
    number = {3},
    pages = {186-207},
    year  = {1971},
    publisher = {Taylor & Francis},
    doi = {10.1080/00411457108231446},
}


@article{BSM_vecferm,
   title={Experimental constraints on the coupling of the Higgs boson to electrons},
   volume={2015},
   ISSN={1029-8479},
   url={http://dx.doi.org/10.1007/JHEP05(2015)125},
   DOI={10.1007/jhep05(2015)125},
   number={5},
   journal={Journal of High Energy Physics},
   publisher={Springer Science and Business Media LLC},
   author={Altmannshofer, W. and Brod, J. and Schmaltz, M.},
   year={2015},
}         
          
          
@article{BSM_2HDM,
   title={Large Higgs-electron Yukawa coupling in 2HDM},
   volume={2018},
   ISSN={1029-8479},
   url={http://dx.doi.org/10.1007/JHEP04(2018)044},
   DOI={10.1007/jhep04(2018)044},
   number={4},
   journal={Journal of High Energy Physics},
   publisher={Springer Science and Business Media LLC},
   author={Dery, A. and Frugiuele, C. and Nir, Y.},
   year={2018},
}

@article{dim_ten_operators,
   title={Higgs-dependent Yukawa couplings},
   volume={665},
   ISSN={0370-2693},
   url={http://dx.doi.org/10.1016/j.physletb.2008.05.062},
   DOI={10.1016/j.physletb.2008.05.062},
   number={2-3},
   journal={Physics Letters B},
   publisher={Elsevier BV},
   author={Giudice, G. F. and Lebedev, O.},
   year={2008},
   pages={79â€“85}
}

@article{Zeppenfeld,
        doi = {10.1103/physrevd.54.6680},
        url = {https://doi.org/10.1103%2Fphysrevd.54.6680},
        year = 1996,
        publisher = {American Physical Society ({APS})},
        volume = {54},
        number = {11},
        pages = {6680--6689},
        author = {Rainwater, D. and Szalapski, R. and Zeppenfeld, D.},
        title = {Probing color-singlet exchange in $Z+$2-jet events at the {CERN} {LHC}},
        journal = {Physical Review D}
}

@book{Thomson,
      author         = "Thomson, M.",
      title          = "{Modern Particle Physics}",
      publisher      = "Cambridge University Press",
      year           = "(2013)",
      ISBN           = "9781107034266",
}

%%%%%%%%%%%%%%%%%%%%%%%%%%%%
%LHC+Detector
%%%%%%%%%%%%%%%%%%%%%%%%%%%%
@article{LHCTDR,
	doi = {10.1088/1748-0221/3/08/s08001},
	url = {https://doi.org/10.1088/1748-0221/3/08/s08001},
	year = 2008,
	publisher = {{IOP} Publishing},
	volume = {3},
	number = {08},
	pages = {S08001--S08001},
	author = {Evans, L. and Bryant, P.},
	title = {{LHC} Machine},
	journal = {Journal of Instrumentation},
}

@article{CMS,
  author         = "CMS Collaboration",
  collaboration  = "CMS",
  title          = "{The CMS experiment at the CERN LHC}",
  journal        = "JINST",
  volume         = "3",
  pages          = "S08004",
  doi            = "10.1088/1748-0221/3/08/S08004",
  year           = "2008",
  SLACcitation   = "%%CITATION = JINST,3,S08004;%%",
}

@article{ATLAS,
  author        ="{ATLAS Collaboration}",
  title         = "{The ATLAS Experiment at the CERN Large Hadron Collider}",
  journal       = "JINST",
  volume        = "3",
  pages         = "S08003",
  year          = "2008",
  doi="10.1088/1748-0221/3/08/S08003",
}

@article{LHCb,
  author={LHCb Collaboration},
  title="{The LHCb Detector at the LHC}",
  journal={Journal of Instrumentation},
  volume={3},
  number={08},
  pages={S08005},
  url={http://stacks.iop.org/1748-0221/3/i=08/a=S08005},
  year={2008},
}

@article{ALICE,
  author={ALICE Collaboration},
  title={The ALICE experiment at the CERN LHC},
  journal={Journal of Instrumentation},
  volume={3},
  number={08},
  pages={S08002},
  url={http://stacks.iop.org/1748-0221/3/i=08/a=S08002},
  year={2008},
}

@book{LEPTDR,
      author        = "CERN",
      title         = "{LEP design report}",
      publisher     = "CERN-LEP-84-01",
      year          = "(1984)",
      url           = "https://cds.cern.ch/record/102083",
}

@techreport{CMS_phase1_tracker_upgrade,
      author        = "CMS Collaboration",
      title         = "{CMS Technical Design Report for the Pixel Detector Upgrade}",
      collaboration = "CMS Collaboration",
      number        = "CERN-LHCC-2012-016, CMS-TDR-011",
      year          = "(2012)",
      reportNumber  = "CERN-LHCC-2012-016",
      url           = "https://cds.cern.ch/record/2714892",
}

@article{CMS_ECAL_extra_info,
	author        = {Benaglia, A.},
	title         = "{The CMS ECAL performance with examples}",
    %institution   = "CERN",
    collaboration = "CMS Collaboration",
    %address       = "Geneva",
    number        = "CMS-CR-2013-430",
    year          = "2013",
    reportNumber  = "CMS-CR-2013-430",
    url           = "https://cds.cern.ch/record/1632384",
    doi           = "10.1088/1748-0221/9/02/C02008",
}

@book{HCAL,
  author        = "CMS Collaboration",
  title         = "{The CMS hadron calorimeter project: Technical Design Report}",
  publisher     = "CERN",
  %address       = "Geneva",
  series        = "Technical Design Report CMS",
  year          = "(1997)",
}

@article{HL_LHC,
    author = {Apollinari, G. and Br\"uning, O. and Nakamoto, T. and Rossi, Lucio},
    title = "{High Luminosity Large Hadron Collider HL-LHC}",
    eprint = "1705.08830",
    archivePrefix = "arXiv",
    primaryClass = "physics.acc-ph",
    reportNumber = "FERMILAB-PUB-15-699-TD",
    doi = "10.5170/CERN-2015-005.1",
    journal = "CERN Yellow Rep.",
    number = "5",
    pages = "1--19",
    year = "2015"
}

@article{CMS_phase2_TDR,
      author        = "Contardo, D and Klute, M and Mans, J and Silvestris, L and Butler, J",
      title         = "{Technical Proposal for the Phase-II Upgrade of the CMS Detector}",
      collaboration = "CMS Collaboration",
      number        = "CERN-LHCC-2015-010. LHCC-P-008. CMS-TDR-15-02",
      year          = "2015",
      reportNumber  = "CERN-LHCC-2015-010. LHCC-P-008. CMS-TDR-15-02",
      url           = "https://cds.cern.ch/record/2020886",
}

@techreport{CMS_phase2_tracker_upgrade,
      author        = "CMS Collaboration",
      title         = "{The Phase-2 Upgrade of the CMS Tracker}",
      %institution   = "CERN",
      collaboration = "CMS Collaboration",
      %address       = "Geneva",
      reportNumber  = "CERN-LHCC-2017-009, CMS-TDR-014",
      year          = "(2017)",
      url           = "https://cds.cern.ch/record/2272264",
      doi           = "10.17181/CERN.QZ28.FLHW",
}


@article{CMS_phase2_HGCAL,
      author        = "CMS Collaboration",
      title         = "{The Phase-2 Upgrade of the CMS Endcap Calorimeter}",
      collaboration = "CMS Collaboration",
      number        = "CERN-LHCC-2017-023. CMS-TDR-019",
      year          = "2017",
      reportNumber  = "CERN-LHCC-2017-023",
      url           = "https://cds.cern.ch/record/2293646",
}



@article{CMS_phase2_L1T,
      author        = "CMS Collaboration",
      title         = "{The Phase-2 Upgrade of the CMS Level-1 Trigger}",
      collaboration = "CMS Collaboration",
      number        = "CERN-LHCC-2020-004. CMS-TDR-021",
      year          = "2020",
      reportNumber  = "CERN-LHCC-2020-004",
      url           = "https://cds.cern.ch/record/2714892",
}




@article{HLT,                                                                                   
      author         = "CMS Collaboration",
      title          = "{The CMS trigger system}",
      collaboration  = "CMS",
      journal        = "JINST",
      volume         = "12",
      pages          = "P01020",
      doi            = "10.1088/1748-0221/12/01/P01020",
      year           = "2017",
      eprint         = "1609.02366",
      archivePrefix  = "arXiv",
      primaryClass   = "physics.ins-det",
      reportNumber   = "CMS-TRG-12-001, CERN-EP-2016-160",
      SLACcitation   = "%%CITATION = ARXIV:1609.02366;%%"
} 

@article{CMS_L1T,
    author = "CMS Collaboration",
    collaboration = "CMS",
    title = "{Performance of the CMS Level-1 trigger in proton-proton collisions at $\sqrt{s} = 13$\,TeV}",
    journal = "JINST",
    volume = "15",
    pages = "P10017",
    year = "2020",
    doi = "10.1088/1748-0221/15/10/P10017",
    eprint = "2006.10165",
    archivePrefix = "arXiv",
    primaryClass = "hep-ex",
    reportNumber = "CMS-TRG-17-001, CERN-EP-2020-065",
}

@article{particle_flow,
      author         = "CMS Collaboration",
      title          = "Particle-flow reconstruction and global event description with the {CMS} detector",
      collaboration  = "CMS",
      journal     = "JINST",
      volume    = "12",
      year         = "2017",
      pages      = "P10003",
      doi           = "10.1088/1748-0221/12/10/P10003",
      eprint         = "1706.04965",
      archivePrefix  = "arXiv",
      primaryClass   = "physics.ins-det",
      reportNumber   = "CMS-PRF-14-001, CERN-EP-2017-110",
      SLACcitation   = "%%CITATION = ARXIV:1706.04965;%%",
}

@article{track_building,
    author = "CMS Collaboration",
    collaboration = "CMS",
    title = "{Description and performance of track and primary-vertex reconstruction with the CMS tracker}",
    eprint = "1405.6569",
    archivePrefix = "arXiv",
    primaryClass = "physics.ins-det",
    reportNumber = "CMS-TRK-11-001, CERN-PH-EP-2014-070",
    doi = "10.1088/1748-0221/9/10/P10009",
    journal = "JINST",
    volume = "9",
    pages = "P10009",
    year = "2014"
}

@article{kalmanFilter,
title = {Application of Kalman filtering to track and vertex fitting},
journal = {Nuclear Instruments and Methods in Physics Research Section A: Accelerators, Spectrometers, Detectors and Associated Equipment},
volume = {262},
number = {2},
pages = {444-450},
year = {1987},
issn = {0168-9002},
doi = {https://doi.org/10.1016/0168-9002(87)90887-4},
url = {https://www.sciencedirect.com/science/article/pii/0168900287908874},
author = {R. FrÃ¼hwirth},
}

@article{GSF,
	doi = {10.1088/0954-3899/31/9/n01},
  	url = {https://doi.org/10.1088\%2F0954-3899\%2F31\%2F9\%2Fn01},
  	year = 2005,
	publisher = {{IOP} Publishing},
	volume = {31},
	number = {9},
	pages = {N9--N20},
	author = {Adam, W. and Fr\"{u}hwirth, R. and Strandlie, A. and Todorov, T.},
	title = {Reconstruction of electrons with the Gaussian-sum filter in the {CMS} tracker at the {LHC}},
	journal = {Journal of Physics G: Nuclear and Particle Physics}
}


@article{primary_vertex_finding,
    author = "CMS Collaboration",
    editor = "Contardo, D. and Klute, M. and Mans, J. and Silvestris, L. and Butler, J.",
    title = "{Technical Proposal for the Phase-II Upgrade of the CMS Detector}",
    reportNumber = "CERN-LHCC-2015-010, LHCC-P-008, CMS-TDR-15-02",
    year = "2015"
} %note although the paper is phase-II, it is the recommended Run2 citation in CMS guidelines (section 9.4.1)


@article{CMS_egamma_performance,
    author = "CMS Collaboration",
    collaboration = "CMS",
    title = "Electron and photon reconstruction and identification with the {CMS} experiment at the {CERN LHC}",
    eprint = "2012.06888",
    archivePrefix = "arXiv",
    primaryClass = "hep-ex",
    reportNumber = "CMS-EGM-17-001, CERN-EP-2020-219",
    doi = "10.1088/1748-0221/16/05/P05014",
    journal = "JINST",
    volume = "16",
    pages = "P05014",
    year = "2021" 
} 

@article{photon_conversion_finder,
    author = "CMS Collaboration",
    collaboration = "CMS",
    title = "Performance of Photon Reconstruction and Identification with the CMS Detector in Proton-Proton Collisions at $\sqrt{s}$=8~TeV",
    eprint = "1502.02702",
    archivePrefix = "arXiv",
    primaryClass = "physics.ins-det",
    reportNumber = "CMS-EGM-14-001, CERN-PH-EP-2015-006",
    doi = "10.1088/1748-0221/10/08/P08010",
    journal = "JINST",
    volume = "10",
    number = "08",
    pages = "P08010",
    year = "2015"
}

%@article{recommended_photon_energy_res_values,
%    author = "Khachatryan, Vardan and others",
%    collaboration = "CMS",
%    title = "Performance of Photon Reconstruction and Identification with the {CMS} Detector in Proton-Proton Collisions at sqrt(s) = 8 {TeV}",
%    eprint = "1502.02702",
%    archivePrefix = "arXiv",
%    primaryClass = "physics.ins-det",
%    reportNumber = "CMS-EGM-14-001, CERN-PH-EP-2015-006",
%    doi = "10.1088/1748-0221/10/08/P08010",
%    journal = "JINST",
%    volume = "10",
%    pages = "P08010",
%    year = "2015"
%}

@article{muon_reco,
    author = "CMS Collaboration",
    collaboration = "CMS",
    title = "{Performance of the CMS muon detector and muon reconstruction with proton-proton collisions at $\sqrt{s}=$ 13 TeV}",
    eprint = "1804.04528",
    archivePrefix = "arXiv",
    primaryClass = "physics.ins-det",
    reportNumber = "CMS-MUO-16-001, CERN-EP-2018-058",
    doi = "10.1088/1748-0221/13/06/P06015",
    journal = "JINST",
    volume = "13",
    pages = "P06015",
    year = "2018"
}

@techreport{Run2_ECAL_plots,
      title         = "{ECAL} 2016 refined calibration and {Run 2} summary plots",
      author        = "{CMS Collaboration}",
      collaboration = "{CMS}",
      url           = "https://cds.cern.ch/record/2717925",
      type          = "CMS Detector Performance Note",
      number        = "CMS-DP-2020-021",
      year          = "(2020)"
} 

@article{Electron_energy_scale_cumulative,
      author        = "CMS Collaboration",
      title         = "{2015 ECAL detector performance plots}",
      collaboration = "CMS Collaboration",
      year          = "2015",
      reportNumber  = "CMS-DP-2015-057",
      volume  = "CMS-DP-2015-057",
      url           = "https://cds.cern.ch/record/2114735",
}
@article{anti-kt,         
     author    = "Cacciari, M. and Salam, G. P. and Soyez, G.",
     title     = "The anti-$k_{t}$ jet clustering algorithm",
     journal   = "JHEP",
     volume    = "04",
     year      = "2008",
     pages     = "063",
     doi       = "10.1088/1126-6708/2008/04/063",
     eprint         = "0802.1189",
     archivePrefix  = "arXiv",
     primaryClass   = "hep-ex",
} 

@article{PUJID,
    author = "CMS Collaboration",
    collaboration = "CMS",
    title = "Pileup mitigation at {CMS} in 13 {TeV} data",
    eprint = "2003.00503",
    archivePrefix = "arXiv",
    primaryClass = "hep-ex",
    reportNumber = "CMS-JME-18-001, CERN-EP-2020-017",
    doi = "10.1088/1748-0221/15/09/P09018",
    journal = "JINST",
    volume = "15",
    pages = "P09018",
    year = "2020"
}

@article{dy_pt_mismodelling,
    author = "CMS Collaboration",
    collaboration = "CMS",
    title = "{Measurements of differential Z boson production cross sections in proton-proton collisions at $ \sqrt{s} $ = 13 TeV}",
    eprint = "1909.04133",
    archivePrefix = "arXiv",
    primaryClass = "hep-ex",
    reportNumber = "CMS-SMP-17-010, CERN-EP-2019-175",
    doi = "10.1007/JHEP12(2019)061",
    journal = "JHEP",
    volume = "12",
    pages = "061",
    year = "2019"
}

@article{JESAndJERCorrections,
      author         = "CMS Collaboration",
      title          = "{Jet energy scale and resolution in the CMS experiment in pp collisions at 8 TeV}",
      collaboration  = "CMS",
      journal        = "JINST",
      volume         = "12",
      year           = "2017",
      pages          = "P02014",
      doi            = "10.1088/1748-0221/12/02/P02014",
      eprint         = "1607.03663",
      archivePrefix  = "arXiv",
      primaryClass   = "hep-ex",
      reportNumber   = "CMS-JME-13-004, CERN-PH-EP-2015-305",
      SLACcitation   = "%%CITATION = ARXIV:1607.03663;%%"
}

@misc{SketchUp,
  author={Sakuma, T. and McCauley, T.},
  title={Detector and Event Visualization with SketchUp at the CMS Experiment},
  journal={Journal of Physics: Conference Series},
  volume={513},
  number={2},
  pages={022032},
  url={http://stacks.iop.org/1742-6596/513/i=2/a=022032},
  year={(2014)},
}


%%%%%%%%%%%%%%%%%%%%%%%%%%%%
%MC Generators and samples
%%%%%%%%%%%%%%%%%%%%%%%%%%%%

@article{madgraph5,
   title={The automated computation of tree-level and next-to-leading order differential cross sections, and their matching to parton shower simulations},
   volume={2014},
   ISSN={1029-8479},
   url={http://dx.doi.org/10.1007/JHEP07(2014)079},
   DOI={10.1007/jhep07(2014)079},
   number={7},
   journal={Journal of High Energy Physics},
   publisher={Springer Science and Business Media LLC},
   author={Alwall, J. and Frederix, R. and Frixione, S. and Hirschi, V. and Maltoni, F. and Mattelaer, O. and Shao, H.-S. and Stelzer, T. and Torrielli, P. and Zaro, M.},
   year={2014},
}

@article{powheg1,
      author         = "Nason, P.",
      title          = "{A new method for combining NLO QCD with shower Monte Carlo algorithms}",
      journal        = "JHEP",
      volume         = "11",
      year           = "2004",
      pages          = "040",
      doi            = "10.1088/1126-6708/2004/11/040",
      eprint         = "hep-ph/0409146",
      archivePrefix  = "arXiv",
      primaryClass   = "hep-ph",
      reportNumber   = "BICOCCA-FT-04-11",
      SLACcitation   = "%%CITATION = HEP-PH/0409146;%%"
}
 
@article{powheg2,
      author         = "Frixione, S. and Nason, P. and Oleari, C.",
      title          = "{Matching NLO QCD computations with parton shower
                        simulations: the POWHEG method}",
      journal        = "JHEP",
      volume         = "11",
      year           = "2007",
      pages          = "070",
      doi            = "10.1088/1126-6708/2007/11/070",
      eprint         = "0709.2092",
      archivePrefix  = "arXiv",
      primaryClass   = "hep-ph",
      reportNumber   = "BICOCCA-FT-07-9, GEF-TH-21-2007",
      SLACcitation   = "%%CITATION = ARXIV:0709.2092;%%"
}
 
 
@article{powheg3,
      author         = "Alioli, S. and Nason, P. and Oleari, C. and Re, 
                        E.",
      title          = "{A general framework for implementing NLO calculations in
                        shower Monte Carlo programs: the POWHEG BOX}",
      journal        = "JHEP",
      volume         = "06",
      year           = "2010",
      pages          = "043",
      doi            = "10.1007/JHEP06(2010)043",
      eprint         = "1002.2581",
      archivePrefix  = "arXiv",
      primaryClass   = "hep-ph",
      reportNumber   = "DESY-10-018, SFB-CPP-10-22, IPPP-10-11, DCPT-10-22",
      SLACcitation   = "%%CITATION = ARXIV:1002.2581;%%"
}

@article{powheg_ttbar,
    author = "Frixione, S. and Nason, P. and Ridolfi, G.",
    title = "{A Positive-weight next-to-leading-order Monte Carlo for heavy flavour hadroproduction}",
    eprint = "0707.3088",
    archivePrefix = "arXiv",
    primaryClass = "hep-ph",
    reportNumber = "BICOCCA-FT-07-12, GEF-TH-19-2007",
    doi = "10.1088/1126-6708/2007/09/126",
    journal = "JHEP",
    volume = "09",
    pages = "126",
    year = "2007"
}

@article{pythia8,
    author = {Sj\"ostrand, T. and Ask, Stefan and Christiansen, Jesper R. and Corke, Richard and Desai, Nishita and Ilten, Philip and Mrenna, Stephen and Prestel, Stefan and Rasmussen, Christine O. and Skands, Peter Z.},
    title = "{An introduction to PYTHIA 8.2}",
    eprint = "1410.3012",
    archivePrefix = "arXiv",
    primaryClass = "hep-ph",
    reportNumber = "LU-TP-14-36, MCNET-14-22, CERN-PH-TH-2014-190, FERMILAB-PUB-14-316-CD, DESY-14-178, SLAC-PUB-16122",
    doi = "10.1016/j.cpc.2015.01.024",
    journal = "Comput. Phys. Commun.",
    volume = "191",
    pages = "159--177",
    year = "2015"
}   
          
@article{CP5Tune, 
    author = "CMS Collaboration",
    collaboration = "CMS",
    title = "{Extraction and validation of a new set of CMS PYTHIA8 tunes from underlying-event measurements}",
    eprint = "1903.12179",
    archivePrefix = "arXiv",
    primaryClass = "hep-ex",
    reportNumber = "CMS-GEN-17-001, CERN-EP-2019-007",
    doi = "10.1140/epjc/s10052-019-7499-4",
    journal = "Eur. Phys. J. C",
    volume = "80",
    pages = "4",
    year = "2020"
}         
                   
@article{NNPDF31, 
    author = "Ball, Richard D. and others",
    collaboration = "NNPDF",
    title = "{Parton distributions from high-precision collider data}",
    eprint = "1706.00428",
    archivePrefix = "arXiv",
    primaryClass = "hep-ph",
    reportNumber = "CAVENDISH-HEP-17-06, CERN-TH-2017-077, EDINBURGH-2017-08, NIKHEF-2017-006, OUTP-17-04P, TIF-UNIMI-2017-3",
    doi = "10.1140/epjc/s10052-017-5199-5",
    journal = "Eur. Phys. J. C",
    volume = "77",
    pages = "663",
    year = "2017"
}  
   
@article{geant4,          
     author    = "Agostinelli, S. and others",
     collaboration = "GEANT4",                                                                                      
     title     = "{GEANT4}: a simulation toolkit",
     journal   = "Nucl. Instrum. Meth. A", 
     volume    = "506",
     year      = "2003",
     pages     = "250",
     doi       = "10.1016/S0168-9002(03)01368-8",
     SLACcitation  = "%%CITATION = NUIMA,A506,250;%%"
}

%%%%%%%%%%%%%%%%%%%%%%%%%%%%
%LHC Higgs papers
%%%%%%%%%%%%%%%%%%%%%%%%%%%%

@article{Aad:2012tfa,                       
      author         = "ATLAS Collaboration",
      title          = "Observation of a new particle in the search for the 
                        Standard Model Higgs boson with the ATLAS detector at the 
                        LHC",
      collaboration  = "ATLAS",
      journal        = "Phys. Lett. B", 
      volume         = "716",
      year           = "2012",
      pages          = "1",
      doi            = "10.1016/j.physletb.2012.08.020",
      eprint         = "1207.7214",
      archivePrefix  = "arXiv",
      primaryClass   = "hep-ex",
      reportNumber   = "CERN-PH-EP-2012-218",
      SLACcitation   = "%%CITATION = ARXIV:1207.7214;%%"
}

@article{Chatrchyan:2012xdj,
      author         = "CMS Collaboration",
      title          = "{Observation of a new boson at a mass of 125 GeV with the
                        CMS experiment at the LHC}",
      collaboration  = "CMS",
      journal        = "Phys. Lett. B",
      volume         = "716",
      year           = "2012",
      pages          = "30",
      doi            = "10.1016/j.physletb.2012.08.021",
      eprint         = "1207.7235",
      archivePrefix  = "arXiv",
      primaryClass   = "hep-ex",
      reportNumber   = "CMS-HIG-12-028, CERN-PH-EP-2012-220",
      SLACcitation   = "%%CITATION = ARXIV:1207.7235;%%"
}             
              
@article{Chatrchyan:2013lba,
      author         = "CMS Collaboration",
      title          = "{Observation of a new boson with mass near 125 GeV in pp
                        collisions at $\sqrt{s}$ = 7 and 8 TeV}",
      collaboration  = "CMS",
      journal        = "JHEP",
      volume         = "06",
      year           = "2013",
      pages          = "081",
      doi            = "10.1007/JHEP06(2013)081",
      eprint         = "1303.4571",
      archivePrefix  = "arXiv",
      primaryClass   = "hep-ex",
      reportNumber   = "CMS-HIG-12-036, CERN-PH-EP-2013-035",
      SLACcitation   = "%%CITATION = ARXIV:1303.4571;%%"
}  

@article{CMSHiggsNature,
      author         = "CMS Collaboration",
      title         = "{A portrait of the Higgs boson by the CMS experiment ten
                       years after the discovery}",
      journal       = "Nature",
      collaboration = "CMS",
      archivePrefix = "arXiv",
      eprint        = "2207.00043",
      reportNumber  = "CMS-HIG-22-001, CERN-EP-2022-039, CMS-HIG-22-001-003",
      pages         = "9 p",
      year          = "2022",
      url           = "https://cds.cern.ch/record/2814513",
      doi           = "10.1038/s41586-022-04892-x",
}


@article{CMSttH,
  title = {Observation of $\mathrm{t}\overline{\mathrm{t}}\mathrm{H}$ Production},
  author = {CMS Collaboration},
  journal = {Phys. Rev. Lett.},
  volume = {120},
  issue = {23},
  pages = {231801},
  numpages = {17},
  year = {2018},
  publisher = {American Physical Society},
  doi = {10.1103/PhysRevLett.120.231801},
  url = {https://link.aps.org/doi/10.1103/PhysRevLett.120.231801}
}            
             
@article{ATLASttH,
  archiveprefix = {arXiv},
  author={ATLAS Collaboration},
  collaboration = {ATLAS},
  doi           = {10.1016/j.physletb.2018.07.035},
  eprint        = {1806.00425},
  journal       = {Phys. Lett. B}, 
  pages         = {173},
  primaryclass  = {hep-ex},
  reportnumber  = {CERN-EP-2018-138},
  title         = {Observation of {Higgs} boson production in association with a top quark pair at the {LHC} with the {ATLAS} detector},
  volume        = {784},
  year          = {2018}
}            
             
@article{CMSHbb,
  archiveprefix = {arXiv},                                
  author        = {CMS Collaboration},           
  collaboration = {CMS},                                  
  doi           = {10.1103/PhysRevLett.121.121801},       
  eprint        = {1808.08242},                           
  journal       = {Phys. Rev. Lett.},                     
  pages         = {121801},                               
  primaryclass  = {hep-ex},                               
  reportnumber  = {CMS-HIG-18-016, CERN-EP-2018-223},     
  title         = {Observation of {Higgs} boson decay to bottom quarks},
  volume        = {121},                                  
  year          = {2018}                                  
}       
             
@article{ATLASHbb,
  archiveprefix = {arXiv},
  author        = {ATLAS Collaboration},
  collaboration = {ATLAS},
  doi           = {10.1016/j.physletb.2018.09.013},
  eprint        = {1808.08238},
  journal       = {Phys. Lett. B},
  pages         = {59},
  primaryclass  = {hep-ex},
  reportnumber  = {CERN-EP-2018-215},
  title         = {Observation of {$\mathrm{H} \rightarrow \mathrm{bb}$} decays and {VH} production with the {ATLAS} detector},
  volume        = {786},
  year          = {2018}
}

@article{CMSHtautau,
  archiveprefix = {arXiv},                                                       
  author        = {CMS Collaboration},                               
  collaboration = {CMS},                                                         
  doi           = {10.1016/j.physletb.2018.02.004},                              
  eprint        = {1708.00373},                                                  
  journal       = {Phys. Lett. B},                                               
  pages         = {283},                                                         
  primaryclass  = {hep-ex},                                                      
  reportnumber  = {CMS-HIG-16-043, CERN-EP-2017-181},                            
  title         = {Observation of the {Higgs} boson decay to a pair of $\tau$ leptons with the {CMS} detector},                                                     
  volume        = {779},                                                         
  year          = {2018}                                                         
}       
          
@article{ATLASHtautau,
  archiveprefix = {arXiv},
  author        = {ATLAS Collaboration},
  collaboration = {ATLAS},
  doi           = {10.1103/PhysRevD.99.072001},
  eprint        = {1811.08856},
  journal       = {Phys. Rev. D},
  pages         = {072001},
  primaryclass  = {hep-ex},
  reportnumber  = {CERN-EP-2018-232},
  title         = {Cross-section measurements of the {Higgs} boson decaying into a pair of {$\tau$-leptons} in proton-proton collisions at $\sqrt{s}=13$~TeV with the {ATLAS} detector},
  volume        = {99},
  year          = {2019}
}    
           
@article{CMSHMuMu,
  archiveprefix = {arXiv},
  author        = {CMS Collaboration},
  collaboration = {CMS},
  doi           = {10.1007/JHEP01(2021)148},
  eprint        = {2009.04363},
  journal       = {JHEP},
  pages         = {148},
  primaryclass  = {hep-ex},
  reportnumber  = {CMS-HIG-19-006, CERN-EP-2020-164},
  title         = {Evidence for {Higgs} boson decay to a pair of muons},
  volume        = {01},
  year          = {2021}
}

@article{CMSHeeRun1,
  archiveprefix = {arXiv},
  author        = {CMS Collaboration},
  collaboration = {CMS},
  doi           = {10.1016/j.physletb.2015.03.048},
  eprint        = {1410.6679},
  journal       = {Phys. Lett. B},
  pages         = {184},
  primaryclass  = {hep-ex},
  reportnumber  = {CMS-HIG-13-007, CERN-PH-EP-2014-243},
  title         = {Search for a standard model-like {Higgs} boson in the $\mu^{+}\mu^{-}$ and $\mathrm{e^{+}e^{-}}$ decay channels at the {LHC}},
  volume        = {744},
  year          = {2015}
}
          
@article{ATLASHeeRun2,
  archiveprefix = {arXiv},
  author        = {ATLAS Collaboration},
  collaboration = {ATLAS},
  doi           = {10.1016/j.physletb.2019.135148},
  eprint        = {1909.10235},
  journal       = {Phys. Lett. B},
  pages         = {135148},
  primaryclass  = {hep-ex},
  reportnumber  = {CERN-EP-2019-184},
  title={Search for the Higgs boson decays \Hee and $\mathrm{H}\rightarrow\mathrm{e}\mu$ in pp collisions at $\sqrt{s}=13$~TeV with the ATLAS detector},
  volume        = {801},
  year          = {2020}
}
         

@article{HIG-16-040,
    author = "CMS Collaboration",
    collaboration = "CMS",
    title = "{Measurements of Higgs boson properties in the diphoton decay channel in proton-proton collisions at $\sqrt{s} =$ 13 TeV}",
    eprint = "1804.02716",
    archivePrefix = "arXiv",
    primaryClass = "hep-ex",
    reportNumber = "CMS-HIG-16-040, CERN-EP-2018-060",
    doi = "10.1007/JHEP11(2018)185",
    journal = "JHEP",
    volume = "11",
    pages = "185",
    year = "2018"
}

@article{HIG-18-029,
      author         = "CMS Collaboration",
      title         = "{Measurements of Higgs boson production via gluon fusion
                       and vector boson fusion in the diphoton decay channel at
                       $\sqrt{s} = 13$ TeV}",
      %institution   = "CERN",
      collaboration = "CMS Collaboration",
      %address       = "Geneva",
      number        = "CMS-PAS-HIG-18-029",
      year          = "2019",
      reportNumber  = "CMS-PAS-HIG-18-029",
      url           = "https://cds.cern.ch/record/2667225",
}

@article{HIG-19-015,
  archiveprefix = {arXiv},
  author        = {CMS Collaboration},
  doi           = {10.1007/JHEP07(2021)027},
  eprint        = {2103.06956},
  journal       = {JHEP},
  pages         = {027},
  primaryclass  = {hep-ex},
  reportnumber  = {CMS-HIG-19-015, CERN-EP-2021-038},
  title         = {Measurements of {Higgs} boson production cross sections and couplings in the diphoton decay channel at {$\sqrt{s} = 13$~TeV}},
  volume        = {07},
  year          = {2021}
}

@article{CMS_HWW,
    author = "CMS Collaboration",
    collaboration = "CMS",
    title = "{Measurements of properties of the Higgs boson decaying to a W boson pair in pp collisions at $\sqrt{s}=$ 13 TeV}",
    eprint = "1806.05246",
    archivePrefix = "arXiv",
    primaryClass = "hep-ex",
    reportNumber = "CMS-HIG-16-042, CERN-EP-2018-141",
    doi = "10.1016/j.physletb.2018.12.073",
    journal = "Phys. Lett. B",
    volume = "791",
    pages = "96",
    year = "2019"
}

@article{CMS_HZZ,
    author = "CMS Collaboration",
    collaboration = "CMS",
    title = "{Measurements of production cross sections of the Higgs boson in the four-lepton final state in proton-proton collisions at $\sqrt{s} = $ 13 TeV}",
    eprint = "2103.04956",
    archivePrefix = "arXiv",
    primaryClass = "hep-ex",
    reportNumber = "CMS-HIG-19-001, CERN-EP-2021-016",
    % month = "3",
    year = "2021",
    journal = "{\textrm{Submitted to}} EPJC",
}


@article{ATLAS_Hgg,
  archiveprefix = {arXiv},  
  author        = {CMS Collaboration},
  collaboration = {CMS},       
  doi           = {10.1007/JHEP07(2021)027},
  eprint        = {2103.06956},
  journal       = {JHEP},   
  pages         = {027},       
  primaryclass  = {hep-ex}, 
  reportnumber  = {CMS-HIG-19-015, CERN-EP-2021-038},
  title         = {Measurements of {Higgs} boson production cross sections and couplings in the diphoton decay channel at {$\sqrt{s} = 13$~TeV}},
  volume        = {07},        
  year          = {2021}       
}   

@article{ATLAS_HWW,
   author={ATLAS Collaboration},
   title={Measurements of gluonâ€“gluon fusion and vector-boson fusion Higgs boson production cross-sections in the $\mathrm{H}\rightarrow \mathrm{WW}^{*}\rightarrow\mathrm{e}\mu\mathrm{e}\mu$ decay channel in pp collisions at $\sqrt{s}$=13~TeV with the ATLAS detector},
   volume={789},
   ISSN={0370-2693},
   url={http://dx.doi.org/10.1016/j.physletb.2018.11.064},
   DOI={10.1016/j.physletb.2018.11.064},
   journal={Physics Letters B},
   publisher={Elsevier BV},
   year={2019},
   pages={508â€“529}
}

@article{ATLAS_HZZ,
   author={ATLAS Collaboration},
   title={Measurement of the Higgs boson coupling properties in the $\mathrm{H}\rightarrow ZZ^{*} \rightarrow 4\ell$ decay channel at $\sqrt{s}=13$~TeV with the ATLAS detector},
   volume={2018},
   ISSN={1029-8479},
   url={http://dx.doi.org/10.1007/JHEP03(2018)095},
   DOI={10.1007/jhep03(2018)095},
   number={3},
   journal={Journal of High Energy Physics},
   publisher={Springer Science and Business Media LLC},
   year={2018},
}


@article{ATLAS_HComb,
    author={ATLAS Collaboration},
    collaboration = "ATLAS",
    title = "{A detailed map of Higgs boson interactions by the ATLAS experiment ten years after the discovery}",
    eprint = "2207.00092",
    archivePrefix = "arXiv",
    primaryClass = "hep-ex",
    reportNumber = "CERN-EP-2022-057",
    doi = "10.1038/s41586-022-04893-w",
    journal = "Nature",
    volume = "607",
    number = "7917",
    pages = "52--59",
    year = "2022"
}

@article{CMS_Hgg_Hmass,
   title = {A measurement of the Higgs boson mass in the diphoton decay channel},
   journal = {Physics Letters B}, 
   volume = {805},
   pages = {135425},
   year = {2020},
   issn = {0370-2693},
   doi = {https://doi.org/10.1016/j.physletb.2020.135425},
   url = {https://www.sciencedirect.com/science/article/pii/S037026932030229X},
   author = {The CMS Collaboration},
   keywords = {CMS, Higgs, diphoton},
}

@article{tthCouplings,
   title={Measurements of \ttH Production and the CP Structure of the Yukawa Interaction between the Higgs Boson and Top Quark in the Diphoton Decay Channel},
   volume={125},
   ISSN={1079-7114},
   url={http://dx.doi.org/10.1103/PhysRevLett.125.061801},
   DOI={10.1103/physrevlett.125.061801},
   number={6},
   journal={Physical Review Letters},
   publisher={American Physical Society (APS)},
   author={CMS Collaboration},
   year={2020},
}

@article{deepJet,
   title={Jet flavour classification using DeepJet},
   volume={15},
   ISSN={1748-0221},
   url={http://dx.doi.org/10.1088/1748-0221/15/12/P12012},
   DOI={10.1088/1748-0221/15/12/p12012},
   number={12},
   journal={Journal of Instrumentation},
   publisher={IOP Publishing},
   author={Bols, E. and Kieseler, J. and Verzetti, M. and Stoye, M. and Stakia, A.},
   year={2020},
   pages={P12012â€“P12012} 
}
  
@techreport{HIG-21-015-PAS,
      author        = "{CMS} Collaboration",
      title         = "{Search for the Higgs boson decay to a pair of electrons
                       in proton-proton collisions at $\sqrt{s}=13~\mathrm{TeV}$}",
      %institution   = "CERN",
      %address       = "Geneva",
      reportNumber  = "CMS-PAS-HIG-21-015",
      year          = "(2022)",
      url           = "http://cds.cern.ch/record/2803724",
}

@article{ACME,
	Title = {Improved limit on the electric dipole moment of the electron},
	Author = {{ACME Collaboration}},
	DOI = {10.1038/s41586-018-0599-8},
	Number = {7727},
	Volume = {562},
	Year = {2018},
	Journal = {Nature},
	ISSN = {0028-0836},
	Pages = {355â€”360},
	URL = {https://doi.org/10.1038/s41586-018-0599-8},
}

@article{FCC_OG,
	doi = {10.1007/jhep01(2014)164},
	url = {https://doi.org/10.1007\%2Fjhep01\%282014\%29164},
	year = 2014,
	publisher = {Springer Science and Business Media {LLC}},
	volume = {2014},
	number = {1},
	author = {Bicer, M. and others},
	title = {First look at the physics case of {TLEP}},  
	journal = {Journal of High Energy Physics}
}

@article{FCC_physics_prog,
    author = "The FCC Collaboration",
    collaboration = "FCC",
    title = "{FCC Physics Opportunities}: {Future Circular Collider Conceptual Design Report Volume 1}",
    reportNumber = "CERN-ACC-2018-0056",
    doi = "10.1140/epjc/s10052-019-6904-3",
    journal = "Eur. Phys. J. C",
    volume = "79",
    number = "6",
    pages = "474",
    year = "2019"
}


@techreport{FCC-ee,
      author        = "The FCC Collaboration",
      title         = "{FCC-ee: The Lepton Collider: Future Circular Collider
                       Conceptual Design Report Volume 2. Future Circular
                       Collider}",
      %institution   = "CERN",
      %address       = "Geneva",
      reportNumber  = "CERN-ACC-2018-0057, 2",
      year          = "(2018)",
      url           = "https://cds.cern.ch/record/2651299",
      doi           = "10.1140/epjst/e2019-900045-4",
}

@article{FCC_eeH,
	doi = {10.1140/epjp/s13360-021-02204-2},
	url = {https://doi.org/10.1140\%2Fepjp\%2Fs13360-021-02204-2},
	year = 2022,
	publisher = {Springer Science and Business Media {LLC}},
	volume = {137},
	number = {2},
	author = {d'Enterria, D. and Poldaru, A. and Wojcik, G.},
	title = {Measuring the electron Yukawa coupling via resonant s-channel Higgs production at {FCC}-ee},
	journal = {The European Physical Journal Plus}
}
  
%%%%%%%%%% 
%Object reco
%%%%%%%%%%%%


@article{TagAndProbe,
   author = "CMS Collaboration",
   title={Measurement of the inclusive W and Z production cross sections in pp collisions at $ \sqrt {s} = 7 $ TeV with the CMS experiment},
   volume={2011},
   ISSN={1029-8479},
   url={http://dx.doi.org/10.1007/JHEP10(2011)132},
   DOI={10.1007/jhep10(2011)132},
   number={10},
   journal={Journal of High Energy Physics},
   publisher={Springer Science and Business Media LLC},
   year={2011},
} 

%%%%%%%%Software packages and ML

@article{Boruta,
author = {Kursa, M. and Jankowski, A. and Rudnicki, W.},
year = {2010},
pages = {271-285},
title = {Boruta - A System for Feature Selection},
volume = {101},
journal = {Fundam. Inform.},
doi = {10.3233/FI-2010-288}
}

@inproceedings{xgboost, 
    author = {Chen, T. and Guestrin, C.},
    title = {XGBoost: A Scalable Tree Boosting System},
    year = {(2016)},
    isbn = {9781450342322},
    publisher = {Proceedings for the Association for Computing Machinery},
    url = {https://doi.org/10.1145/2939672.2939785},
    doi = {10.1145/2939672.2939785}
}

@article{ROC_AUC,
title = {The use of the area under the ROC curve in the evaluation of machine learning algorithms},
journal = {Pattern Recognition},
volume = {30},
number = {7},
pages = {1145-1159},
year = {1997},
issn = {0031-3203},
doi = {https://doi.org/10.1016/S0031-3203(96)00142-2},
url = {https://www.sciencedirect.com/science/article/pii/S0031320396001422},
author = {Bradley, A. P.},
}

@misc{ml_in_hep,
      title={A Living Review of Machine Learning for Particle Physics}, 
      author={Feickert, M. and Nachman, B.},
      year={(2021)},
      eprint={2102.02770},
      archivePrefix={arXiv},
      primaryClass={hep-ph}
}

@book{statistical_learning,
  added-at = {2008-05-16T16:17:42.000+0200},
  author = {Hastie, T. and Tibshirani, R. and Friedman, J.},
  keywords = {ml statistics},
  publisher = {Springer New York Inc.},
  timestamp = {2008-05-16T16:17:43.000+0200},
  title = {The Elements of Statistical Learning},
  year = {(2001)}
}

@book{deep_learning,
    title={Deep Learning},
    author={Goodfellow, I. and Bengio, Y. and Courville, A.},
    publisher={MIT Press},
    note={\url{http://www.deeplearningbook.org}},
    year={(2016)}
}

@article{DecisionTrees,
 author = {Quinlan, J. R.},
 title = {Induction of Decision Trees},
 journal = {Mach. Learn.},
 volume = {1},
 number = {1},
 year = {1986},
 issn = {0885-6125},
 pages = {81--106},
 numpages = {26},
 url = {http://dx.doi.org/10.1023/A:1022643204877},
 doi = {10.1023/A:1022643204877},
 acmid = {637969},
 publisher = {Kluwer Academic Publishers},
 %address = {Hingham, MA, USA},
 keywords = {classification, decision trees, expert systems, induction, information theory, knowledge acquisition},
}

@ARTICLE{MiniBooneBDT,
   author = {{Yang}, H.-J. and {Roe}, B.~P. and {Zhu}, J.},
    title = "{Studies of boosted decision trees for MiniBooNE particle identification}",
  journal = {Nuclear Instruments and Methods in Physics Research A},
   eprint = {physics/0508045},
     year = 2005,
   volume = 555,
    pages = {370-385},
      doi = {10.1016/j.nima.2005.09.022},
   adsurl = {http://adsabs.harvard.edu/abs/2005NIMPA.555..370Y},
  adsnote = {Provided by the SAO/NASA Astrophysics Data System}
}

@book{patternRecognitionAndML,
    author = {Bishop, C. M.},
    title = {Pattern Recognition and Machine Learning (Information Science and Statistics)},
    year = {(2006)},
    isbn = {0387310738},
    publisher = {Springer-Verlag},
    %address = {Berlin, Heidelberg}
}

@incollection{SHAP,
title = {A Unified Approach to Interpreting Model Predictions},
author = {Lundberg, S. M. and Lee, S.},
booktitle = {Advances in Neural Information Processing Systems 30},
pages = {4765--4774},
year = {(2017)},
publisher = {Curran Associates, Inc.},
url = {http://papers.nips.cc/paper/7062-a-unified-approach-to-interpreting-model-predictions.pdf}
}

@inbook{SHAPTheory,
    author = {L. S. Shapley},
    doi = {doi:10.1515/9781400881970-018},
    url = {https://doi.org/10.1515/9781400881970-018},
    title = {17. A Value for n-Person Games},
    booktitle = {Contributions to the Theory of Games (AM-28), Volume II},
    year = {(2016)},
    publisher = {Princeton University Press},
    pages = {307--318},
    lastchecked = {2022-06-09}
}



@article{weak_learners,
title = "The Strength of Weak Learnability",
    keywords = "learnability theory, learning from examples, Machine learning, PAC learning, polynomial-time identification",
    author = "Schapire, {R. E.}",
    year = "1990",
    doi = "10.1023/A:1022648800760",
    language = "English (US)",
    volume = "5",
    pages = "197--227",
    journal = "Machine Learning",
    issn = "0885-6125",
    publisher = "Springer Netherlands",
    number = "2",
}

@incollection{adaBoost,
  title={Explaining adaboost},
  author={Schapire, Robert E},
  booktitle={Empirical inference},
  pages={37--52},
  year={2013},
  publisher={Springer}
} 

@article{dropout,
 author = {Srivastava, N. and Hinton, G. and Krizhevsky, A. and Sutskever, I. and Salakhutdinov, R.},
 title = {Dropout: A Simple Way to Prevent Neural Networks from Overfitting},
 journal = {J. Mach. Learn. Res.},
 issue_date = {January 2014},
 volume = {15},
 number = {1},
 year = {2014},
 issn = {1532-4435},
 pages = {1929--1958},
 numpages = {30},
 url = {http://dl.acm.org/citation.cfm?id=2627435.2670313},
 acmid = {2670313},
 publisher = {JMLR.org},
 keywords = {deep learning, model combination, neural networks, regularization},
} 

@inproceedings{backprop,
 author = {LeCun, Y. and Bottou, L. and Orr, G. B. and M\"{u}ller, K.},
 title = {Efficient BackProp},
 booktitle = {Neural Networks: Tricks of the Trade, This Book is an Outgrowth of a 1996 NIPS Workshop},
 year = {(1998)},
 isbn = {3-540-65311-2},
 pages = {9--50},
 numpages = {42},
 url = {http://dl.acm.org/citation.cfm?id=645754.668382},
 acmid = {668382},
 publisher = {Springer-Verlag},
 %address = {London, UK, UK},
} 

@misc{inductiveBias,
      title={Relational inductive biases, deep learning, and graph networks}, 
      author={P. W. Battaglia et al.},
      year={(2018)},
      eprint={1806.01261},
      archivePrefix={arXiv},
}

@article{vanishingGradient,
    author = {Bengio, Y. and Simard, P. and Frasconi, P.},
    year = {1994},
    pages = {157-66},
    title = {Learning long-term dependencies with gradient descent is difficult},
    volume = {5},
    journal = {IEEE transactions on neural networks / a publication of the IEEE Neural Networks Council},
    doi = {10.1109/72.279181}
}

@article{LSTM,
    author = {Hochreiter, S. and Schmidhuber, J.},
    year = {1997},
    pages = {1735-80},
    title = {Long Short-term Memory},
    volume = {9},
    journal = {Neural computation},
    doi = {10.1162/neco.1997.9.8.1735}
}

@misc{GRUs,
      title={Learning Phrase Representations using RNN Encoder-Decoder for Statistical Machine Translation}, 
      author={K. Cho et al},
      year={(2014)},
      eprint={1406.1078},
      archivePrefix={arXiv},
      primaryClass={cs.CL}
}

@article{LSTMPerformances,
   title={LSTM: A Search Space Odyssey},
   volume={28},
   ISSN={2162-2388},
   url={http://dx.doi.org/10.1109/TNNLS.2016.2582924},
   DOI={10.1109/tnnls.2016.2582924},
   number={10},
   journal={IEEE Transactions on Neural Networks and Learning Systems},
   publisher={Institute of Electrical and Electronics Engineers (IEEE)},
   author={K. Greff et al},
   year={2017},
   pages={2222â€“2232}
}

@misc{tensorflow, 
    title={ {TensorFlow}: Large-Scale Machine Learning on Heterogeneous Systems},
       url={https://www.tensorflow.org/},
       note={Software available from tensorflow.org},
       author={Martin, A. and 
               Ashish~Agarwal and  
               Paul~Barham and     
               Eugene~Brevdo and 
               Zhifeng~Chen and   
               Craig~Citro and    
               Greg~S.~Corrado and    
               Andy~Davis and    
               Jeffrey~Dean and   
               Matthieu~Devin and    
               Sanjay~Ghemawat and    
               Ian~Goodfellow and    
               Andrew~Harp and   
               Geoffrey~Irving and   
               Michael~Isard and  
               Yangqing Jia and  
               Rafal~Jozefowicz and   
               Lukasz~Kaiser and    
               Manjunath~Kudlur and   
               Josh~Levenberg and  
               Dandelion~Man\'{e} and  
               Rajat~Monga and     
               Sherry~Moore and  
               Derek~Murray and 
               Chris~Olah and 
               Mike~Schuster and 
               Jonathon~Shlens and 
               Benoit~Steiner and   
               Ilya~Sutskever and   
               Kunal~Talwar and   
               Paul~Tucker and  
               Vincent~Vanhoucke and  
               Vijay~Vasudevan and   
               Fernanda~Vi\'{e}gas and 
               Oriol~Vinyals and    
               Pete~Warden and   
               Martin~Wattenberg and  
               Martin~Wicke and     
               Yuan~Yu and  
               Xiaoqiang~Zheng},   
        year={(2015)}
}      
       
@misc{keras,   
       title={Keras},  
       author={F. Chollet et al}, 
       year={(2015)},  
       howpublished={\url{https://keras.io}}
} 

@misc{adam,
       author = {Kingma, D. P. and Ba, J.},
       title = {Adam: A Method for Stochastic Optimization},
       year = {(2014)}, 
       Eprint = {1412.6980}
}      
       
@misc{batch_boost,
       author = {Smith, S. L. and Kindermans, P and Ying, C and Le, Q. V.},
       title = {Don't Decay the Learning Rate, Increase the Batch Size},
       year = {(2017)}, 
       Eprint = {arXiv:1711.00489}
}      


@phdthesis{jack_thesis,
  author       = {Wright, J.}, 
  title        = {Study of Higgs boson production through vector boson fusion at the CMS experiment using a dense convolutional neural network},
  school       = {Imperial College London},
  year         = {(2018)}
}

@phdthesis{shane_thesis,
  author       = {Breeze, S. D.}, 
  title        = {Precision measurement of the Z invisible width with the CMS experiment},
  school       = {Imperial College London},
  year         = {(2019)},
}
       


%%%%%%%%%%% Statistics and systematics

@article{Cowan,
      author         = "Cowan, G. and Cranmer, K. and Gross, E. and Vitells, O.",
      title          = "{Asymptotic formulae for likelihood-based tests of new physics}",
      journal        = "Eur. Phys. J.",
      volume         = "C71",
      year           = "2011",
      pages          = "1554",
      doi            = "10.1140/epjc/s10052-011-1554-0,
                        10.1140/epjc/s10052-013-2501-z",
      note           = "[Erratum: Eur. Phys. J.C73,2501(2013)]",
      eprint         = "1007.1727",
      archivePrefix  = "arXiv",
      primaryClass   = "physics.data-an",
      SLACcitation   = "%%CITATION = ARXIV:1007.1727;%%"
}

@article{f_test,
 ISSN = {09528385},
 URL = {http://www.jstor.org/stable/2340521},
 author = {R. A. Fisher},
 journal = {Journal of the Royal Statistical Society},
 number = {1},
 pages = {87--94},
 publisher = {[Wiley, Royal Statistical Society]},
 title = {On the Interpretation of $\chi^2$ from Contingency Tables, and the Calculation of P},
 volume = {85},
 year = {1922}
}


@article{envelope_method,
      author         = "Dauncey, P. and Kenzie, M. and Wardle, N. and Davies,    
                        G.",    
      title          = "{Handling uncertainties in background shapes: the discrete profiling method}",
      journal        = "JINST",    
      volume         = "10",    
      year           = "2015",    
      number         = "04",    
      pages          = "P04015",    
      doi            = "10.1088/1748-0221/10/04/P04015",    
      eprint         = "1408.6865",    
      archivePrefix  = "arXiv",    
      primaryClass   = "physics.data-an",    
      SLACcitation   = "%%CITATION = ARXIV:1408.6865;%%"    
}   

@article{YR4,
  archiveprefix = {arXiv},
  author        = {{LHC Higgs Cross Section Working Group}},
  doi           = {10.23731/CYRM-2017-002},
  eprint        = {1610.07922},
  journal       = {CERN Yellow Rep. Monogr.},
  primaryclass  = {hep-ph},
  reportnumber  = {CERN-2017-002-M, CERN-2017-002},
  title         = {{Handbook of LHC Higgs Cross Sections: 4. Deciphering the nature of the Higgs sector}},
  volume        = {2},
  year          = {2017}
}

@article{YR3,    
  archiveprefix = {arXiv},
  author        = {{LHC Higgs Cross Section Working Group}},
  doi           = {10.5170/CERN-2013-004},
  eprint        = {1307.1347},
  journal       = {CERN Yellow Rep. Monogr.},
  primaryclass  = {hep-ph},
  reportnumber  = {CERN-2013-004},
  title         = {{Handbook of LHC Higgs Cross Sections: 3. Higgs Properties}},
  volume        = {4},
  year          = {2013}
}

@article{PDF4LHC,
      author         = "Butterworth, J. and others",
      title          = "{PDF4LHC recommendations for LHC Run II}",                                    
      journal        = "J. Phys.",                  
      volume         = "G43",                                     
      year           = "2016",    
      pages          = "023001",                    
      doi            = "10.1088/0954-3899/43/2/023001",           
      eprint         = "1510.03865",                
      archivePrefix  = "arXiv",                                                                       
      primaryClass   = "hep-ph",                    
      reportNumber   = "OUTP-15-17P, SMU-HEP-15-12, TIF-UNIMI-2015-14,
                        LCTS-2015-27, CERN-PH-TH-2015-249",                                           
      SLACcitation   = "%%CITATION = ARXIV:1510.03865;%%"                                             
}


@misc{CMSLumiPublic,
  author         = "CMS Collaboration",
  Collaboration = {CMS},
  Title = {CMS Luminosity - Public Results},
  howpublished = {\url{http://twiki.cern.ch/twiki/bin/view/CMSPublic/LumiPublicResults}},
  note = "[Online; accessed 10-Jan-2022]"
}

@article{CMSlumi2016,
    author = "CMS Collaboration",
    collaboration = "CMS",
    title = "Precision luminosity measurement in proton-proton collisions at $\sqrt{s} =$ 13 {TeV} in 2015 and 2016 at {CMS}",
    eprint = "2104.01927",
    archivePrefix = "arXiv",
    primaryClass = "hep-ex",
    reportNumber = "CMS-LUM-17-003, CERN-EP-2021-033",
    year = "2021", 
    doi = "10.1140/epjc/s10052-021-09538-2",
    journal = "Eur. Phys. J. C",
    volume = "81",
    pages = "800",
}          
          
@techreport{CMSlumi2017,
      title         = "{CMS luminosity measurement for the 2017 data-taking
                       period at $\sqrt{s} = 13~\mathrm{TeV}$}",
      author        = "CMS Collaboration",
      collaboration = "CMS",
      number        = "CMS-PAS-LUM-17-004",
      year          = "(2018)",
      reportNumber  = "CMS-PAS-LUM-17-004",
      url           = "https://cds.cern.ch/record/2621960",
      type          = "CMS Physics Analysis Summary",
}                   
           
@techreport{CMSlumi2018,
    author        = "CMS Collaboration",
    collaboration = "CMS",
    title         = "{CMS luminosity measurement for the 2018 data-taking period at $\sqrt{s} = 13~\mathrm{TeV}$}",
    reportNumber  = "CMS-PAS-LUM-18-002",
    number        = "CMS-PAS-LUM-18-002",
    year          = "(2019)",
    url           = "https://cds.cern.ch/record/2676164",
    type          = "CMS Physics Analysis Summary",
} 

@techreport{JetsInRun2,                                                     
      author         = "CMS Collaboration",
      title         = "{Jet algorithms performance in 13 TeV data}",
      %institution   = "CERN",
      collaboration = "CMS Collaboration",
      %address       = "Geneva",
      number        = "CMS-PAS-JME-16-003",
      year          = "(2017)",
      reportNumber  = "CMS-PAS-JME-16-003",
      url           = "https://cds.cern.ch/record/2256875",
}

@article{RooFit,
      author         = "Verkerke, W. and Kirkby, D.",
      title          = "{The RooFit toolkit for data modeling}",
      booktitle      = "{Statistical Problems in Particle Physics, Astrophysics
                        and Cosmology (PHYSTAT 05): Proceedings, Oxford, UK,
                        September 12-15, 2005}",
      journal        = "eConf",
      volume         = "C0303241",
      year           = "2003",
      eprint         = "physics/0306116",
      archivePrefix  = "arXiv",
      primaryClass   = "physics",
      reportNumber   = "CHEP-2003-MOLT007",
      SLACcitation   = "%%CITATION = PHYSICS/0306116;%%"
}

@article{NeymanPearson,
    author = {Eadie, W. and Drijard, D. and James, F. and Roos, Matts and Sadoulet, B.},
    year = {2013},
    title = {Statistical Methods in Experimental Physics},
    journal = {Journal of the American Statistical Association},
    doi = {10.2307/2284113}
}

@article{CLs1,
      author         = "Read, A. L.",
      title          = "Presentation of search results: The {CL$_{\text{s}}$} technique",
      journal        = "J. Phys. G", 
      volume         = "28",
      year           = "2002",
      pages          = "2693",
      doi            = "10.1088/0954-3899/28/10/313",
      SLACcitation   = "%%CITATION = JPAGA,G28,2693;%%"
}

 
@article{CLs2,
      author         = "Junk, T.",
      title          = "Confidence level computation for combining searches with
                        small statistics",
      journal        = "Nucl. Instrum. Meth. A", 
      volume         = "434",
      year           = "1999",
      pages          = "435",
      doi            = "10.1016/S0168-9002(99)00498-2",
      eprint         = "hep-ex/9902006",
      archivePrefix  = "arXiv",
      primaryClass   = "hep-ex",
      reportNumber   = "CARLETON-OPAL-PHYS-99-01, CERN-EP-99-041",
      SLACcitation   = "%%CITATION = HEP-EX/9902006;%%"
}

@techreport{LHCStatProcedures,
      author        = "{ATLAS and CMS Collaborations, and the LHC Higgs Combination Group}",
      title         = "{Procedure for the LHC Higgs boson search combination in
                       Summer 2011}",
      collaboration = "The ATLAS Collaboration, The CMS Collaboration, The LHC
                       Higgs Combination Group",
      number        = "CMS-NOTE-2011-005. ATL-PHYS-PUB-2011-11",
      year          = "(2011)",
      reportNumber  = "CMS-NOTE-2011-005. ATL-PHYS-PUB-2011-11",
      url           = "https://cds.cern.ch/record/1379837",
}

@phdthesis{DCB,
     author    = "Oreglia, M.",
     title     = "A study of the reactions $\psi^\prime \rightarrow \gamma \gamma \psi$",
     school = {Stanford University},
     year =  {(1980)},
     note = "{{SLAC} Report {SLAC-R-236}}",
     url  = "http://www.slac.stanford.edu/pubs/slacreports/slac-r-236.html"
}